[gd_scene load_steps=8 format=2]

[ext_resource path="res://Traps/EvilChest/EvilChest.gd" type="Script" id=1]
[ext_resource path="res://Traps/EvilChest/Sprites/chest_mimic_open_anim_f2.png" type="Texture" id=2]
[ext_resource path="res://Traps/EvilChest/Sprites/chest_mimic_open_anim_f0.png" type="Texture" id=3]
[ext_resource path="res://Traps/EvilChest/Sprites/chest_mimic_open_anim_f1.png" type="Texture" id=4]

[sub_resource type="RectangleShape2D" id=1]
extents = Vector2( 11.8117, 11.0697 )

[sub_resource type="RectangleShape2D" id=2]
extents = Vector2( 15.0381, 14.6545 )

[sub_resource type="SpriteFrames" id=3]
animations = [ {
"frames": [ ExtResource( 2 ) ],
"loop": true,
"name": "open",
"speed": 5.0
}, {
"frames": [ ExtResource( 3 ) ],
"loop": true,
"name": "closed",
"speed": 5.0
}, {
"frames": [ ExtResource( 4 ), ExtResource( 2 ) ],
"loop": true,
"name": "opeaning",
"speed": 5.0
} ]

[node name="EvilChest" type="Node2D"]
script = ExtResource( 1 )

[node name="StaticBody2D" type="StaticBody2D" parent="."]
editor/display_folded = true
__meta__ = {
"_edit_group_": true
}

[node name="CollisionShape2D" type="CollisionShape2D" parent="StaticBody2D"]
shape = SubResource( 1 )

[node name="Area2D" type="Area2D" parent="StaticBody2D"]
editor/display_folded = true

[node name="CollisionShape2D" type="CollisionShape2D" parent="StaticBody2D/Area2D"]
shape = SubResource( 2 )

[node name="AnimatedSprite" type="AnimatedSprite" parent="StaticBody2D"]
scale = Vector2( 1.5, 1.5 )
frames = SubResource( 3 )
animation = "closed"
[connection signal="body_entered" from="StaticBody2D/Area2D" to="." method="_on_Area2D_body_entered"]
[connection signal="animation_finished" from="StaticBody2D/AnimatedSprite" to="." method="_on_AnimatedSprite_animation_finished"]
