[gd_resource type="SpriteFrames" load_steps=25 format=2]

[ext_resource path="res://Itens/GoldenArmor/Sprites/run/knight_f_run_anim_f0.png" type="Texture" id=1]
[ext_resource path="res://Itens/GoldenArmor/Sprites/run/knight_f_run_anim_f1.png" type="Texture" id=2]
[ext_resource path="res://Itens/GoldenArmor/Sprites/run/knight_f_run_anim_f2.png" type="Texture" id=3]
[ext_resource path="res://Itens/GoldenArmor/Sprites/run/knight_f_run_anim_f3.png" type="Texture" id=4]
[ext_resource path="res://Itens/GoldenArmor/Sprites/idle/knight_f_idle_anim_f0.png" type="Texture" id=5]
[ext_resource path="res://Itens/GoldenArmor/Sprites/idle/knight_f_idle_anim_f1.png" type="Texture" id=6]
[ext_resource path="res://Itens/GoldenArmor/Sprites/idle/knight_f_idle_anim_f2.png" type="Texture" id=7]
[ext_resource path="res://Itens/GoldenArmor/Sprites/idle/knight_f_idle_anim_f3.png" type="Texture" id=8]
[ext_resource path="res://Itens/Armor/Sprites/run/knight_f_run_anim_f0.png" type="Texture" id=9]
[ext_resource path="res://Itens/Armor/Sprites/run/knight_f_run_anim_f1.png" type="Texture" id=10]
[ext_resource path="res://Itens/Armor/Sprites/run/knight_f_run_anim_f2.png" type="Texture" id=11]
[ext_resource path="res://Itens/Armor/Sprites/run/knight_f_run_anim_f3.png" type="Texture" id=12]
[ext_resource path="res://Itens/Armor/Sprites/idle/knight_f_idle_anim_f0.png" type="Texture" id=13]
[ext_resource path="res://Itens/Armor/Sprites/idle/knight_f_idle_anim_f1.png" type="Texture" id=14]
[ext_resource path="res://Itens/Armor/Sprites/idle/knight_f_idle_anim_f2.png" type="Texture" id=15]
[ext_resource path="res://Itens/Armor/Sprites/idle/knight_f_idle_anim_f3.png" type="Texture" id=16]
[ext_resource path="res://Actor/Player/Sprites/idle/elf_f_idle_anim_f0.png" type="Texture" id=17]
[ext_resource path="res://Actor/Player/Sprites/idle/elf_f_idle_anim_f1.png" type="Texture" id=18]
[ext_resource path="res://Actor/Player/Sprites/idle/elf_f_idle_anim_f2.png" type="Texture" id=19]
[ext_resource path="res://Actor/Player/Sprites/idle/elf_f_idle_anim_f3.png" type="Texture" id=20]
[ext_resource path="res://Actor/Player/Sprites/run/elf_f_run_anim_f0.png" type="Texture" id=21]
[ext_resource path="res://Actor/Player/Sprites/run/elf_f_run_anim_f1.png" type="Texture" id=22]
[ext_resource path="res://Actor/Player/Sprites/run/elf_f_run_anim_f2.png" type="Texture" id=23]
[ext_resource path="res://Actor/Player/Sprites/run/elf_f_run_anim_f3.png" type="Texture" id=24]

[resource]
animations = [ {
"frames": [ ExtResource( 1 ), ExtResource( 2 ), ExtResource( 3 ), ExtResource( 4 ) ],
"loop": true,
"name": "run2",
"speed": 8.0
}, {
"frames": [ ExtResource( 5 ), ExtResource( 6 ), ExtResource( 7 ), ExtResource( 8 ) ],
"loop": true,
"name": "idle2",
"speed": 8.0
}, {
"frames": [ ExtResource( 9 ), ExtResource( 10 ), ExtResource( 11 ), ExtResource( 12 ) ],
"loop": true,
"name": "run1",
"speed": 8.0
}, {
"frames": [ ExtResource( 13 ), ExtResource( 14 ), ExtResource( 15 ), ExtResource( 16 ) ],
"loop": true,
"name": "idle1",
"speed": 8.0
}, {
"frames": [ ExtResource( 17 ), ExtResource( 18 ), ExtResource( 19 ), ExtResource( 20 ) ],
"loop": true,
"name": "idle0",
"speed": 8.0
}, {
"frames": [ ExtResource( 21 ), ExtResource( 22 ), ExtResource( 23 ), ExtResource( 24 ) ],
"loop": true,
"name": "run0",
"speed": 8.0
} ]
