[gd_scene load_steps=4 format=2]

[ext_resource path="res://System/HUD/HUDController.gd" type="Script" id=1]
[ext_resource path="res://PixelFont.tres" type="DynamicFont" id=2]
[ext_resource path="res://System/HUD/coin_gold.png" type="Texture" id=3]

[node name="hud_node" type="Node2D"]
pause_mode = 2
z_index = 3
script = ExtResource( 1 )

[node name="end_panel" type="Panel" parent="."]
editor/display_folded = true
anchor_top = 1.0
anchor_right = 1.0
anchor_bottom = 1.0
margin_left = 182.0
margin_top = 411.0
margin_right = 773.0
margin_bottom = 560.0

[node name="colected_coins" type="Label" parent="end_panel"]
margin_left = 33.0
margin_top = 24.0
margin_right = 377.0
margin_bottom = 51.0
custom_fonts/font = ExtResource( 2 )
text = "MOEDAS COLETADAS NA PARTIDA: "

[node name="rooms_passed" type="Label" parent="end_panel"]
margin_left = 31.0
margin_top = 55.0
margin_right = 374.0
margin_bottom = 82.0
custom_fonts/font = ExtResource( 2 )
text = "MOEDAS COLETADAS NA PARTIDA: "

[node name="ItemList" type="ItemList" parent="end_panel"]
margin_left = 388.0
margin_top = 19.0
margin_right = 548.0
margin_bottom = 122.0
custom_fonts/font = ExtResource( 2 )
items = [ "Jogar Novamente", null, false, "Loja", null, false, "Menu", null, false ]

[node name="items_hud" type="ItemList" parent="."]
margin_left = 9.8219
margin_top = 12.2774
margin_right = 63.8219
margin_bottom = 41.2774
focus_mode = 0
custom_fonts/font = ExtResource( 2 )
items = [ "", ExtResource( 3 ), false ]
auto_height = true
icon_scale = 0.5

[node name="panel_pause" type="Panel" parent="."]
editor/display_folded = true
margin_left = 319.0
margin_top = 195.0
margin_right = 571.0
margin_bottom = 299.0

[node name="Label" type="Label" parent="panel_pause"]
margin_left = 109.531
margin_top = 13.1494
margin_right = 154.531
margin_bottom = 38.1494
custom_fonts/font = ExtResource( 2 )
text = "PAUSE"

[node name="Node2D" type="Node2D" parent="."]
editor/display_folded = true
scale = Vector2( 1.5, 1.5 )

[node name="pr_label" type="Label" parent="Node2D"]
margin_left = 45.6735
margin_top = 8.50829
margin_right = 85.6735
margin_bottom = 28.5083
custom_fonts/font = ExtResource( 2 )
text = "TEXT"
[connection signal="item_activated" from="end_panel/ItemList" to="." method="_on_ItemList_item_activated"]
