[gd_scene load_steps=6 format=2]

[ext_resource path="res://Rooms/Change Room/change_room.tscn" type="PackedScene" id=1]
[ext_resource path="res://TesTiles.tres" type="TileSet" id=2]
[ext_resource path="res://Actor/Player/Player.tscn" type="PackedScene" id=3]
[ext_resource path="res://System/HUD/hud_node.tscn" type="PackedScene" id=4]
[ext_resource path="res://Itens/Coin/Coin.tscn" type="PackedScene" id=5]

[node name="Node2D" type="Control"]
anchor_left = 0.5
anchor_top = 0.5
anchor_right = 0.5
anchor_bottom = 0.5
margin_left = -460.0
margin_top = -300.0
margin_right = -420.0
margin_bottom = -260.0

[node name="change_room" parent="." instance=ExtResource( 1 )]
position = Vector2( 466.443, 96.6039 )

[node name="floor" type="TileMap" parent="."]
scale = Vector2( 1.5, 1.5 )
tile_set = ExtResource( 2 )
cell_size = Vector2( 16, 16 )
format = 1
tile_data = PoolIntArray( 196626, 18, 0, 196628, 19, 0, 262161, 0, 0, 262162, 5, 0, 262163, 14, 0, 262164, 4, 0, 262165, 1, 0, 327697, 2, 0, 327698, 7, 0, 327699, 14, 0, 327700, 6, 0, 327701, 3, 0, 393233, 14, 0, 393234, 14, 0, 393235, 14, 0, 393236, 14, 0, 393237, 14, 0, 458769, 14, 0, 458770, 14, 0, 458771, 14, 0, 458772, 14, 0, 458773, 14, 0, 524305, 14, 0, 524306, 14, 0, 524307, 14, 0, 524308, 14, 0, 524309, 14, 0, 589841, 14, 0, 589842, 14, 0, 589843, 14, 0, 589844, 14, 0, 589845, 14, 0, 655377, 14, 0, 655378, 14, 0, 655379, 14, 0, 655380, 14, 0, 655381, 14, 0, 720913, 14, 0, 720914, 14, 0, 720915, 14, 0, 720916, 14, 0, 720917, 14, 0, 786449, 14, 0, 786450, 14, 0, 786451, 14, 0, 786452, 14, 0, 786453, 14, 0, 851985, 14, 0, 851986, 14, 0, 851987, 14, 0, 851988, 14, 0, 851989, 14, 0, 917523, 14, 0 )

[node name="walls" type="TileMap" parent="."]
scale = Vector2( 1.5, 1.5 )
z_index = 2
tile_set = ExtResource( 2 )
cell_size = Vector2( 16, 16 )
format = 1
tile_data = PoolIntArray( 393233, 17, 0, 393237, 16, 0, 458769, 17, 0, 458773, 16, 0, 524305, 17, 0, 524309, 16, 0, 589841, 17, 0, 589845, 16, 0, 655377, 17, 0, 655381, 16, 0, 720913, 17, 0, 720917, 16, 0, 786449, 17, 0, 786453, 16, 0, 851985, 4, 0, 851986, 10, 0, 851987, 12, 0, 851988, 12, 0, 851989, 5, 0, 917521, 6, 0, 917522, 8, 0, 917523, 21, 0, 917524, 8, 0, 917525, 7, 0 )

[node name="Player" parent="." instance=ExtResource( 3 )]
position = Vector2( 467.9, 298.309 )

[node name="hud_node" parent="." instance=ExtResource( 4 )]

[node name="coins" type="Node2D" parent="."]
editor/display_folded = true

[node name="Coin" parent="coins" instance=ExtResource( 5 )]
position = Vector2( 466.443, 129.845 )

[node name="Coin2" parent="coins" instance=ExtResource( 5 )]
position = Vector2( 467.443, 155.737 )

[node name="Coin3" parent="coins" instance=ExtResource( 5 )]
position = Vector2( 467.443, 180.737 )

[node name="Coin4" parent="coins" instance=ExtResource( 5 )]
position = Vector2( 467.443, 203.737 )

[node name="Coin5" parent="coins" instance=ExtResource( 5 )]
position = Vector2( 467.443, 227.737 )

[node name="Coin6" parent="coins" instance=ExtResource( 5 )]
position = Vector2( 467.443, 252.737 )

[node name="Coin7" parent="coins" instance=ExtResource( 5 )]
position = Vector2( 467.443, 274.737 )
